%%% Me
@article{collaboration2020measurements,
    title={Measurements of $\mathrm{t\bar{t}}$H production and the CP structure of the Yukawa interaction between the Higgs boson and top quark in the diphoton decay channel},
    author={CMS Collaboration},
    year={2020},
    eprint={2003.10866},
    archivePrefix={arXiv},
    primaryClass={hep-ex},
	note={Submitted to Physical Review Letters}
}

@misc{cousins2016unfolded,
    title={Should unfolded histograms be used to test hypotheses?},
    author={Robert D. Cousins and Samuel J. May and Yipeng Sun},
    year={2016},
    eprint={1607.07038},
    archivePrefix={arXiv},
    primaryClass={physics.data-an}
}

%%% Vertex
@techreport{Contardo:2020886,
      author        = "Contardo, D and Klute, M and Mans, J and Silvestris, L and
                       Butler, J",
      title         = "{Technical Proposal for the Phase-II Upgrade of the CMS
                       Detector}",
      address       = "Geneva",
      number        = "CERN-LHCC-2015-010. LHCC-P-008. CMS-TDR-15-02",
      month         = "Jun",
      year          = "2015",
      reportNumber  = "CERN-LHCC-2015-010",
      url           = "http://cds.cern.ch/record/2020886",
      note          = "Upgrade Project Leader Deputies: Lucia Silvestris
                       (INFN-Bari), Jeremy Mans (University of Minnesota)
                       Additional contacts: Lucia.Silvestris@cern.ch,
                       Jeremy.Mans@cern.ch",
}

%%% Particle Flow
@article{particle_flow,
   title={Particle-flow reconstruction and global event description with the CMS detector},
   volume={12},
   ISSN={1748-0221},
   url={http://dx.doi.org/10.1088/1748-0221/12/10/P10003},
   DOI={10.1088/1748-0221/12/10/p10003},
   number={10},
   journal={Journal of Instrumentation},
   publisher={IOP Publishing},
   author={Sirunyan, A.M. and others}, 
   year={2017},
   month={Oct},
   pages={P10003}
}

@inproceedings{beaudette2014:Brient:2013hsa,
  author =       {Florian Beaudette},
  title =        {The CMS Particle Flow Algorithm},
  crossref =     {Brient:2013hsa},
  year={2014},
  eprint={1401.8155},
  archivePrefix={arXiv},
  primaryClass={hep-ex}
}


@proceedings{Brient:2013hsa,
  editor =       {Brient, Jean-Claude and Salerno, Roberto and Sirois, Yves},
  title =        "Proceedings of the CHEF2013 Conference",
  booktitle =    "Proceedings of the CHEF2013 Conference",
  publisher =    {LLR},
  venue =        {Palaiseau, France},
  month =        apr,
  year =         {2013},
  isbn =         {978-2-7302-1624-1},
}

%%% JME

@article{Sirunyan_2018_deepcsv,
   title={Identification of heavy-flavour jets with the CMS detector in pp collisions at 13 TeV},
   volume={13},
   ISSN={1748-0221},
   url={http://dx.doi.org/10.1088/1748-0221/13/05/P05011},
   DOI={10.1088/1748-0221/13/05/p05011},
   number={05},
   journal={Journal of Instrumentation},
   publisher={IOP Publishing},
   author={Sirunyan, A.M. and others}, 
   year={2018},
   month={May},
   pages={P05011–P05011}
}

@article{Guest_2016,
   title={Jet flavor classification in high-energy physics with deep neural networks},
   volume={94},
   ISSN={2470-0029},
   url={http://dx.doi.org/10.1103/PhysRevD.94.112002},
   DOI={10.1103/physrevd.94.112002},
   number={11},
   journal={Physical Review D},
   publisher={American Physical Society (APS)},
   author={Guest, Daniel and Collado, Julian and Baldi, Pierre and Hsu, Shih-Chieh and Urban, Gregor and Whiteson, Daniel},
   year={2016},
   month={Dec}
}

@article{Khachatryan_2017_jets,
   title={Jet energy scale and resolution in the CMS experiment in pp collisions at 8 TeV},
   volume={12},
   ISSN={1748-0221},
   url={http://dx.doi.org/10.1088/1748-0221/12/02/P02014},
   DOI={10.1088/1748-0221/12/02/p02014},
   number={02},
   journal={Journal of Instrumentation},
   publisher={IOP Publishing},
   author={Khachatryan, V. and others}
   year={2017},
   month={Feb},
   pages={P02014–P02014}
}

@article{Cacciari:2008gp,
      author         = "Cacciari, Matteo and Salam, Gavin P. and Soyez, Gregory",
      title          = "{The anti-$k_{\text{T}}$ jet clustering algorithm}",
      journal        = "JHEP",
      volume         = "04",
      year           = "2008",
      pages          = "063",
      doi            = "10.1088/1126-6708/2008/04/063",
      eprint         = "0802.1189",
      archivePrefix  = "arXiv",
      primaryClass   = "hep-ph",
      reportNumber   = "LPTHE-07-03",
      SLACcitation   = "%%CITATION = ARXIV:0802.1189;%%"
}

@article{Cacciari:2011ma,
      author         = "Cacciari, Matteo and Salam, Gavin P. and Soyez, Gregory",
      title          = "{FastJet} user manual",
      journal        = "Eur. Phys. J. C",
      volume         = "72",
      pages          = "1896",
      doi            = "10.1140/epjc/s10052-012-1896-2",
      year           = "2012",
      eprint         = "1111.6097",
      archivePrefix  = "arXiv",
      primaryClass   = "hep-ph",
      reportNumber   = "CERN-PH-TH-2011-297",
      SLACcitation   = "%%CITATION = ARXIV:1111.6097;%%",
}


%%% ECAL
@article{Chatrchyan:2013dga,
      author         = "Chatrchyan, Serguei and others",
      title          = "{Energy Calibration and Resolution of the CMS
                        Electromagnetic Calorimeter in $pp$ Collisions at
                        $\sqrt{s} = 7$ TeV}",
      collaboration  = "CMS",
      journal        = "JINST",
      volume         = "8",
      year           = "2013",
      pages          = "P09009",
      doi            = "10.1088/1748-0221/8/09/P09009",
      note           = "[JINST8,9009(2013)]",
      eprint         = "1306.2016",
      archivePrefix  = "arXiv",
      primaryClass   = "hep-ex",
      reportNumber   = "CMS-EGM-11-001, CERN-PH-EP-2013-097",
      SLACcitation   = "%%CITATION = ARXIV:1306.2016;%%"
}

%%% H to bb
@article{Hbb_obs,
      author         = "Sirunyan, A. M. and others",
      title          = "{Observation of Higgs boson decay to bottom quarks}",
      collaboration  = "CMS",
      journal        = "Phys. Rev. Lett.",
      volume         = "121",
      year           = "2018",
      number         = "12",
      pages          = "121801",
      doi            = "10.1103/PhysRevLett.121.121801",
      eprint         = "1808.08242",
      archivePrefix  = "arXiv",
      primaryClass   = "hep-ex",
      reportNumber   = "CMS-HIG-18-016, CERN-EP-2018-223",
      SLACcitation   = "%%CITATION = ARXIV:1808.08242;%%"
}

%%% Hgg
@article{Khachatryan:2015iwa,
    author = "Khachatryan, Vardan and others",
    archivePrefix = "arXiv",
    collaboration = "CMS",
    doi = "10.1088/1748-0221/10/08/P08010",
    eprint = "1502.02702",
    journal = "JINST",
    number = "08",
    pages = "P08010",
    primaryClass = "physics.ins-det",
    reportNumber = "CMS-EGM-14-001, CERN-PH-EP-2015-006",
    title = "{Performance of Photon Reconstruction and Identification with the CMS Detector in Proton-Proton Collisions at sqrt(s) = 8 TeV}",
    volume = "10",
    year = "2015"
}

@article{DBLP:journals/corr/abs-1211-6581,
  author    = {Eleftherios Spyromitros Xioufis and
               William Groves and
               Grigorios Tsoumakas and
               Ioannis P. Vlahavas},
  title     = "{M}ulti-Label Classification Methods for Multi-Target Regression",
  journal   = {CoRR},
  volume    = {abs/1211.6581},
  year      = {2012},
  doi       = "10.1007/s10994-016-5546-z",
  archivePrefix = {arXiv},
  eprint    = "1211.6581",
  timestamp = {Mon, 13 Aug 2018 16:47:39 +0200},
  biburl    = {https://dblp.org/rec/bib/journals/corr/abs-1211-6581},
  bibsource = {dblp computer science bibliography, https://dblp.org}
}


%%% ttH

@article{Aad:2012tfa,
      author         = "Aad, Georges and others",
      title          = "{Observation of a new particle in the search for the
                        Standard Model Higgs boson with the  detector at the
                        LHC}",
      collaboration  = "ATLAS",
      journal        = "Phys. Lett. B",
      volume         = "716",
      year           = "2012",
      pages          = "1",
      doi            = "10.1016/j.physletb.2012.08.020",
      eprint         = "1207.7214",
      archivePrefix  = "arXiv",
      primaryClass   = "hep-ex",
      reportNumber   = "CERN-PH-EP-2012-218",
      SLACcitation   = "%%CITATION = ARXIV:1207.7214;%%"
}

@article{Chatrchyan:2012xdj,
      author         = "Chatrchyan, Serguei and others",
      title          = "{Observation of a new boson at a mass of 125 GeV with the
                        CMS experiment at the LHC}",
      collaboration  = "CMS",
      journal        = "Phys. Lett. B",
      volume         = "716",
      year           = "2012",
      pages          = "30",
      doi            = "10.1016/j.physletb.2012.08.021",
      eprint         = "1207.7235",
      archivePrefix  = "arXiv",
      primaryClass   = "hep-ex",
      reportNumber   = "CMS-HIG-12-028, CERN-PH-EP-2012-220",
      SLACcitation   = "%%CITATION = ARXIV:1207.7235;%%"
}

@article{Chatrchyan:2013lba,
      author         = "Chatrchyan, Serguei and others",
      title          = "{Observation of a new boson with mass near 125 GeV in
                        pp collisions at $\sqrt{s}$ = 7 and 8 TeV}",
      collaboration  = "CMS",
      journal        = "JHEP",
      volume         = "06",
      year           = "2013",
      pages          = "081",
      doi            = "10.1007/JHEP06(2013)081",
      eprint         = "1303.4571",
      archivePrefix  = "arXiv",
      primaryClass   = "hep-ex",
      reportNumber   = "CMS-HIG-12-036, CERN-PH-EP-2013-035",
      SLACcitation   = "%%CITATION = ARXIV:1303.4571;%%"
}

@article{why_care_top_yukawa,
	  author         = "Bezrukov, Fedor and Shaposhnikov, Mikhail",
      title          = "{Why should we care about the top quark Yukawa
                        coupling?}",
      journal        = "J. Exp. Theor. Phys.",
      volume         = "120",
      year           = "2015",
      pages          = "335-343",
      doi            = "10.1134/S1063776115030152",
      note           = "[Zh. Eksp. Teor. Fiz.147,389(2015)]",
      eprint         = "1411.1923",
      archivePrefix  = "arXiv",
      primaryClass   = "hep-ph",
      reportNumber   = "CERN-PH-TH-2014-218",
      SLACcitation   = "%%CITATION = ARXIV:1411.1923;%%"    
}

@article{Sirunyan:2018ouh,
      author         = "Sirunyan, A. M. and others",
      title          = "{Measurements of Higgs boson properties in the diphoton
                        decay channel in proton-proton collisions at $\sqrt{s} =$
                        13 TeV}",
      collaboration  = "CMS",
      journal        = "JHEP",
      volume         = "11",
      year           = "2018",
      pages          = "185",
      doi            = "10.1007/JHEP11(2018)185",
      eprint         = "1804.02716",
      archivePrefix  = "arXiv",
      primaryClass   = "hep-ex",
      reportNumber   = "CMS-HIG-16-040, CERN-EP-2018-060",
      SLACcitation   = "%%CITATION = ARXIV:1804.02716;%%"
}

@techreport{cowan_za,
    Author = {G. Cowan},
    Title = {Discovery sensitivity for a counting experiment with background uncertainty},
    institution = {Royal Holloway, London},
    Year = {2012},
    url = {https://www.pp.rhul.ac.uk/~cowan/stat/medsig/medsigNote.pdf},
}

@inproceedings{xgboost,
    author = {Chen, Tianqi and Guestrin, Carlos},
    title = {{XGBoost}: A Scalable Tree Boosting System},
    booktitle = {Proceedings of the 22nd ACM SIGKDD International Conference on Knowledge Discovery and Data Mining},
    series = {KDD '16},
    year = {2016},
    isbn = {978-1-4503-4232-2},
    location = {San Francisco, California, USA},
    pages = {785--794},
    numpages = {10},
    url = {http://doi.acm.org/10.1145/2939672.2939785},
    doi = {10.1145/2939672.2939785},
    acmid = {2939785},
    publisher = {ACM},
    address = {New York, NY, USA},
    keywords = {large-scale machine learning},
}

@article{lstm,
  added-at = {2016-11-15T08:49:43.000+0100},
  author = {Hochreiter, Sepp and Schmidhuber, J{\"u}rgen},
  biburl = {https://www.bibsonomy.org/bibtex/2a4a80026d24955b267cae636aa8abe4a/dallmann},
  interhash = {0692b471c4b9ae65d00affebc09fb467},
  intrahash = {a4a80026d24955b267cae636aa8abe4a},
  journal = {Neural computation},
  keywords = {lstm rnn},
  number = 8,
  pages = {1735--1780},
  publisher = {MIT Press},
  timestamp = {2016-11-15T08:49:43.000+0100},
  title = {Long short-term memory},
  volume = 9,
  year = 1997
}

@misc{tensorflow,
title={ {TensorFlow}: Large-Scale Machine Learning on Heterogeneous Systems},
url={https://www.tensorflow.org/},
note={Software available from tensorflow.org},
author={
    Mart\'{\i}n~Abadi and
    Ashish~Agarwal and
    Paul~Barham and
    Eugene~Brevdo and
    Zhifeng~Chen and
    Craig~Citro and 
    Greg~S.~Corrado and
    Andy~Davis and
    Jeffrey~Dean and
    Matthieu~Devin and
    Sanjay~Ghemawat and
    Ian~Goodfellow and
    Andrew~Harp and 
    Geoffrey~Irving and
    Michael~Isard and
    Yangqing Jia and 
    Rafal~Jozefowicz and
    Lukasz~Kaiser and
    Manjunath~Kudlur and
    Josh~Levenberg and 
    Dandelion~Man\'{e} and
    Rajat~Monga and
    Sherry~Moore and
    Derek~Murray and
    Chris~Olah and
    Mike~Schuster and
    Jonathon~Shlens and
    Benoit~Steiner and
    Ilya~Sutskever and
    Kunal~Talwar and
    Paul~Tucker and
    Vincent~Vanhoucke and
    Vijay~Vasudevan and 
    Fernanda~Vi\'{e}gas and
    Oriol~Vinyals and
    Pete~Warden and
    Martin~Wattenberg and
    Martin~Wicke and
    Yuan~Yu and
    Xiaoqiang~Zheng},
  year={2015},
}

@misc{keras,
  title={Keras},
  author={Chollet, Fran\c{c}ois and others},
  year={2015},
  howpublished={\url{https://keras.io}},
}

@misc{adam,
    Author = {Diederik P. Kingma and Jimmy Ba},
    Title = {Adam: A Method for Stochastic Optimization},
    Year = {2014},
    Eprint = {1412.6980},
}

@misc{increase_batch,
    Author = {Samuel L. Smith and Pieter-Jan Kindermans and Chris Ying and Quoc V. Le},
    Title = {Don't Decay the Learning Rate, Increase the Batch Size},
    Year = {2017},
    Eprint = {arXiv:1711.00489},
}

@inproceedings{lecun_efficient_backprop,
 author = {LeCun, Yann and Bottou, L{\'e}on and Orr, Genevieve B. and M\"{u}ller, Klaus-Robert},
 title = {Efficient BackProp},
 booktitle = {Neural Networks: Tricks of the Trade, This Book is an Outgrowth of a 1996 NIPS Workshop},
 year = {1998},
 isbn = {3-540-65311-2},
 pages = {9--50},
 numpages = {42},
 url = {http://dl.acm.org/citation.cfm?id=645754.668382},
 acmid = {668382},
 publisher = {Springer-Verlag},
 address = {London, UK},
} 

@misc{ioffe2015batch,
    title={Batch Normalization: Accelerating Deep Network Training by Reducing Internal Covariate Shift},
    author={Sergey Ioffe and Christian Szegedy},
    year={2015},
    eprint={1502.03167},
    archivePrefix={arXiv},
    primaryClass={cs.LG}
}

@article{dropout,
    author  = {Nitish Srivastava and Geoffrey Hinton and Alex Krizhevsky and Ilya Sutskever and Ruslan Salakhutdinov},
    title   = {Dropout: A Simple Way to Prevent Neural Networks from Overfitting},
    journal = {Journal of Machine Learning Research},
    year    = {2014},
    volume  = {15},
    pages   = {1929-1958},
    url     = {http://jmlr.org/papers/v15/srivastava14a.html}
}


%%% Defaults

@book{Martin_1983,
	title = {Human Brain Evolution in an Ecological Context},
	publisher = {American Museum of Natural History},
	author = {Martin, Robert D.},
	year = {1983}
}

@article{Rilling_Insel_1999,
	title = {The primate neocortex in comparative perspective using magnetic resonance imaging},
	volume = {37},
	issn = {0047-2484},
	number = {2},
	journal = {Journal of Human Evolution},
	author = {Rilling, James K. and Insel, Thomas R.},
	year = {1999},
	pages = {191--223}
}
